@online{acceptedhere,
  author   = {Unknown},
  title    = {Top-42 Cryptocurrencies by Merchant Acceptance},
  url      = {https://acceptedhere.io/stats/},
  addendum = {(accessed: April 24, 2023)}
}
@techreport{bitcoin_whitepaper,
  author = {Satoshi Nakamoto},
  title  = {Bitcoin: A Peer-to-Peer Electronic Cash System},
  url    = {https://www.bitcoin.com/bitcoin.pdf},
  year   = {2008}
}
@techreport{bulletproofs_whitepaper,
  author       = {Benedikt Bünz et al.},
  title        = {Bulletproofs: Short Proofs for Confidential Transactions and More},
  howpublished = {Cryptology ePrint Archive, Paper 2017/1066},
  year         = {2017},
  url          = {https://eprint.iacr.org/2017/1066.pdf}
}
@online{bulletproofs+,
  author = {Sarang Noether},
  title  = {Bulletproofs+ in Monero},
  year   = {2020},
  month  = {12},
  day    = {24},
  url    = {https://www.getmonero.org/2020/12/24/Bulletproofs+-in-Monero.html}
}
@online{concensus_algorithms,
  author   = {Jake Frankenfield},
  title    = {What Are Consensus Mechanisms in Blockchain and Cryptocurrency?},
  url      = {https://www.investopedia.com/terms/c/consensus-mechanism-cryptocurrency.asp},
  addendum = {(accessed: April 26, 2023)}
}
@online{CryptoNight,
  author   = {Delton Rhodes },
  title    = {CryptoNight: An Overview Of The CryptoNight Mining Algorithm},
  url      = {https://komodoplatform.com/en/academy/cryptonight/},
  addendum = {(accessed: April 28, 2023)}
}
@techreport{CryptoNote,
  author = {Nicolas van Saberhagen},
  title  = {CryptoNote v 2.0},
  url    = {https://web.getmonero.org/resources/research-lab/pubs/cryptonote-whitepaper.pdf},
  year   = {2013},
  month  = {10},
  day    = {17}
}
@techreport{dandelion,
  author      = {Giulia Fanti et al.},
  title       = {Dandelion++: Lightweight Cryptocurrency Networking with Formal Anonymity Guarantees},
  number      = {arXiv:1805.11060},
  url         = {https://arxiv.org/pdf/1805.11060.pdf},
  institution = {Carnegie Mellon University},
  year        = {2018},
  month       = {5},
  day         = {28}
}
@techreport{dandelion_original,
  title         = {Dandelion: Redesigning the Bitcoin Network for Anonymity},
  author        = {Shaileshh Bojja Venkatakrishnan and Giulia Fanti and Pramod Viswanath},
  year          = {2017},
  eprint        = {1701.04439},
  archiveprefix = {arXiv},
  primaryclass  = {cs.CR}
}
@online{ECDSA,
  author   = {Unknown},
  title    = {Elliptic Curve Digital Signature Algorithm - Wikipedia},
  year     = {2023},
  url      = {https://en.wikipedia.org/wiki/Elliptic_Curve_Digital_Signature_Algorithm},
  addendum = {(accessed: May 6th, 2023)}
}
@techreport{edwards_curve,
  author = {Daniel J. Bernstein},
  title  = {Curve25519: new Diffie-Hellman speed records},
  url    = {https://cr.yp.to/ecdh/curve25519-20060209.pdf}
}
@online{eth_classic,
  author   = {Jake Frankenfield},
  title    = {Ethereum Classic (ETC) Definition, History, Future},
  url      = {https://www.investopedia.com/terms/e/ethereum-classic.asp},
  addendum = {(accessed: April 26, 2023)}
}
@online{glossary,
  author   = {NIST CS Resource Center},
  title    = {NIST Computer Security Resource Center Glossary},
  url      = {https://csrc.nist.gov/glossary},
  addendum = {(accessed: April 26, 2023)}
}
@online{hard_fork,
  author   = {Jake Frankenfield},
  title    = {Hard Fork: What It Is in Blockchain, How It Works, Why It Happens},
  url      = {https://www.investopedia.com/terms/h/hard-fork.asp},
  addendum = {(accessed: April 26, 2023)}
}
@misc{i2pzero_repo,
  author   = {``knaccc'',i2p-zero Developers},
  title    = {Wownero i2p-zero Git Repo},
  url      = {https://git.wownero.com/wownero/i2p-zero},
  addendum = {(accessed: May 8, 2023)}
}
@misc{jwinterview,
  author = {jwinterm},
  title  = {Personal Communication With Wownero Developer},
  year   = {2023},
  month  = {4},
  day    = {30}
}
@online{kovri_repo,
  author   = {Dimitris Apostolou},
  title    = {Kovri Git Repo},
  url      = {https://gitlab.com/kovri-project/kovri-docs/-/blob/master/i18n/en/faq.md},
  addendum = {(accessed: April 24, 2023)}
}
@online{ledger_transactions,
  author   = {Linda Orenes-Lerma},
  title    = {How Does a Blockchain Transaction Work?},
  url      = {https://www.ledger.com/academy/how-does-a-blockchain-transaction-work},
  addendum = {(accessed: April 26, 2023)}
}
@online{localmonero-dandelion,
  author   = {Diego Salazar},
  title    = {How Dandelion++ Keeps Monero's Transaction Origins Private},
  year     = {2020},
  month    = {4},
  day      = {27},
  url      = {https://localmonero.co/knowledge/monero-dandelion},
  addendum = {(accessed: May 8, 2023)}
}
@online{localmonero-remotenode,
  author   = {Seth For Privacy},
  title    = {How remote nodes impact Monero's privacy},
  year     = {2022},
  month    = {2},
  day      = {15},
  url      = {https://localmonero.co/knowledge/remote-nodes-privacy},
  addendum = {(accessed: May 8, 2023)}
}
@online{monero_about,
  author   = {Monero Research Lab},
  title    = {About Monero},
  url      = {https://www.getmonero.org/resources/about/},
  addendum = {(accessed: April 23, 2023)}
}
@online{monero_blocks,
  author   = {LocalMonero Site Maintainers},
  title    = {Monero Blocks},
  url      = {https://localmonero.co/blocks},
  addendum = {(accessed: April 26, 2023)}
}
@online{monero_faq,
  author   = {Monero Research Lab},
  title    = {Frequently Asked Questions},
  url      = {https://www.getmonero.org/get-started/faq/},
  addendum = {(accessed: April 26, 2023)}
}
@online{monero_outputs,
  author   = {Diego Salazar},
  title    = {Monero Outputs Explained},
  url      = {https://localmonero.co/knowledge/monero-outputs},
  addendum = {(accessed: April 26, 2023)}
}
@misc{monero_repo,
  author   = {The Monero Project, Cryptonote developers},
  title    = {Monero Git Repo},
  url      = {https://github.com/monero-project/monero},
  addendum = {(accessed: April 24, 2023)}
}
@online{monero_transactiontime,
  author   = {Monero Community Members},
  title    = {How long do Monero transactions take?},
  url      = {https://www.monero.how/how-long-do-monero-transactions-take},
  addendum = {(accessed: April 26, 2023)}
}
@online{monero_upgrades,
  author   = {Seth For Privacy},
  title    = {How Monero Uses Hard-Forks to Upgrade the Network},
  url      = {https://localmonero.co/knowledge/network-upgrades},
  addendum = {(accessed: April 26, 2023)}
}
@online{monero_viewtag,
  author   = {``Seth For Privacy''},
  title    = {View Tags: How one Byte Will Reduce Monero Wallet Sync Times by 40\%},
  url      = {https://localmonero.co/knowledge/view-tags-reduce-monero-sync-time},
  addendum = {(accessed: April 26, 2023)}
}
@online{monerodoc_subaddr,
  author   = {Piotr 'Qertoip' WłOdarek},
  title    = {[Monero] Subaddress},
  year     = {2023},
  url      = {https://monerodocs.org/public-address/subaddress/},
  addendum = {(accessed: May 6th, 2023)}
}
@online{monerodocs_addresses,
  author   = {Piotr ``Qertoip'' WłOdarek},
  title    = {[Monero] Standard Address},
  year     = {2023},
  addendum = {(accessed: May 6th, 2023)},
  url      = {https://monerodocs.org/public-address/standard-address/}
}
@online{monerohow_btc_vs,
  author   = {Monero Community Members},
  title    = {A low-level explanation of the mechanics of Monero vs Bitcoin},
  url      = {https://www.monero.how/how-does-monero-work-details-in-plain-english},
  addendum = {(accessed: April 23, 2023)}
}
@online{monerohow_privacy,
  author   = {Monero Community Members},
  title    = {How does Monero's privacy work?},
  year     = {2023},
  url      = {https://www.monero.how/how-does-monero-privacy-work},
  addendum = {(accessed: April 24, 2023)}
}
@online{moneropedia,
  author   = {Monero Research Lab},
  title    = {Moneropedia},
  url      = {https://www.getmonero.org/resources/moneropedia/},
  addendum = {(accessed: April 23, 2023)}
}
@online{monerov,
  author   = {Katelyn Peters},
  title    = {MoneroV (XMV)},
  url      = {https://www.investopedia.com/tech/difference-between-monero-and-monerov/},
  addendum = {(accessed: April 28, 2023)}
}
@online{monerov_scam,
  author   = {``equismic''},
  title    = {PSA: MoneroV is blatantly a scam made to enrich its makers},
  url      = {https://www.reddit.com/r/Monero/comments/7vcz78/psa_monerov_is_blatantly_a_scam_made_to_enrich/},
  addendum = {(accessed: April 28, 2023)}
}
@online{muchwowblocks,
  author   = {Wownero Community Members},
  title    = {MuchWOW Blocks},
  url      = {https://muchwow.lol/},
  addendum = {(accessed: April 23, 2023)}
}
@techreport{penderson_commit_whitepaper,
  author      = {Torben Pryds Pedersen},
  title       = {Non-Interactive and Information-Theoretic Secure Verifiable Secret Sharing},
  url         = {https://link.springer.com/chapter/10.1007/3-540-46766-1_9},
  institution = {Aarhus University},
  year        = {2001},
  month       = {5},
  day         = {18},
  publisher   = {Springer, Berlin, Heidelberg},
  number      = {978-3-540-46766-3}
}
@online{proofofpayment,
  author   = {Monero Community Members},
  title    = {How to prove a payment was made},
  url      = {https://www.getmonero.org/resources/user-guides/prove-payment.html},
  addendum = {(accessed: April 25, 2023)}
}
@online{randomx_article,
  author   = {Diego Salazar},
  title    = {Monero Mining: What Makes RandomX So Special},
  url      = {https://localmonero.co/knowledge/monero-mining-randomx},
  addendum = {(accessed: April 28, 2023)}
}
@online{randomx_medium,
  author   = {Ruisiang},
  title    = {Monero(XMR) RandomX PoW Algorithm Explained},
  url      = {https://ruisiang.medium.com/monero-xmr-randomx-pow-algorithm-explained-d3cf95619717},
  addendum = {(accessed: April 28, 2023)}
}
@misc{randomx_repo,
  author   = {``tevador'' et al.},
  title    = {RandomX GitHub Repo},
  url      = {https://github.com/tevador/RandomX},
  addendum = {(accessed: April 25, 2023)}
}
@techreport{ringct_whitepaper,
  author = {Shen Noether},
  title  = {Ring Confidential Transactions},
  url    = {https://eprint.iacr.org/2015/1098.pdf}
}
@online{ringsig_wikipedia,
  author   = {Unknown},
  title    = {Ring signature - Wikipedia},
  year     = {2023},
  url      = {https://en.wikipedia.org/wiki/Ring_signature},
  addendum = {(accessed: May 6th, 2023)}
}
@techreport{schnorr_sig,
  author = {David Mandell Freeman},
  title  = {Schnorr Identification and Signatures},
  year   = {2011},
  month  = {10},
  day    = {20},
  url    = {https://web.stanford.edu/class/cs259c/lectures/schnorr.pdf}
}
@online{slimecash,
  author   = {Wownero Community Members},
  title    = {Introduction [To Wownero]},
  url      = {https://slime.cash/intro/},
  addendum = {(accessed: April 24, 2023)}
}
@online{soft_fork,
  author   = {Jake Frankenfield},
  title    = {Soft Fork},
  url      = {https://www.investopedia.com/terms/s/soft-fork.asp},
  addendum = {(accessed: April 26, 2023)}
}
@online{stack_stealth,
  author   = {StackExchange Users ``skaht'' and ``user141''},
  title    = {What is a stealth address? - Monero Stack Exchange},
  year     = {2016},
  addendum = {(accessed: May 5th, 2023)},
  url      = {https://monero.stackexchange.com/questions/1500/what-is-a-stealth-address}
}
@online{suchwow,
  author   = {``dsc''},
  title    = {SuchWOW},
  url      = {https://suchwow.xyz},
  addendum = {(accessed: April 23, 2023)}
}
@online{wikipedia_crypto,
  author   = {Wikipedia Users},
  title    = {Wikipedia: Cryptocurrency},
  url      = {https://en.wikipedia.org/wiki/Cryptocurrency},
  addendum = {(accessed: April 26, 2023)}
}
@online{wowbsite,
  author   = {Wownero Community Members},
  title    = {Wownero Main Page},
  url      = {https://wownero.org},
  addendum = {(accessed: April 23, 2023)}
}
@online{wowdere_dev,
  author   = {John Murphy ``jwinterm''},
  title    = {The homepage of John Winter Murphy},
  url      = {https://jwinterm.com/},
  addendum = {(accessed: April 24, 2023)}
}
@online{wowlet,
  author   = {Feather Wallet Developers},
  title    = {WOWlet: a free Wownero desktop wallet},
  url      = {https://wowlet.app/},
  addendum = {(accessed: April 23, 2023)}
}
@misc{wowrepo,
  author   = {Wownero Contributors},
  title    = {Wownero Git Repo},
  url      = {https://git.wownero.com/wownero/wownero},
  addendum = {(accessed: April 23, 2023)}
}
@online{wowrum,
  author   = {Wownero Community Members},
  title    = {Wownero Forum},
  url      = {https://forum.wownero.com/},
  addendum = {(accessed: April 24, 2023)}
}
@booklet{zero2monero,
  title        = {Zero to Monero: Second Edition},
  author       = {KOE, Kurt M. Alonso, Sarang Noether},
  howpublished = {Distributed through getmonero.org},
  year         = {2020},
  month        = {4},
  day          = {4},
  url          = {https://www.getmonero.org/library/Zero-to-Monero-2-0-0.pdf}
}
